@inproceedings{klein.plotkin.ea:excluded,
  author       = {Philip N. Klein and
                  Serge A. Plotkin and
                  Satish Rao},
  editor       = {S. Rao Kosaraju and
                  David S. Johnson and
                  Alok Aggarwal},
  title        = {Excluded minors, network decomposition, and multicommodity flow},
  booktitle    = {Proceedings of the Twenty-Fifth Annual {ACM} Symposium on Theory of
                  Computing, May 16-18, 1993, San Diego, CA, {USA}},
  pages        = {682--690},
  publisher    = {{ACM}},
  year         = {1993},
  url          = {https://doi.org/10.1145/167088.167261},
  doi          = {10.1145/167088.167261},
  timestamp    = {Tue, 06 Nov 2018 11:07:06 +0100},
  biburl       = {https://dblp.org/rec/conf/stoc/KleinPR93.bib},
  bibsource    = {dblp computer science bibliography, https://dblp.org}
}

@inproceedings{fakcharoenphol.talwar:improved,
  author       = {Jittat Fakcharoenphol and
                  Kunal Talwar},
  editor       = {Sanjeev Arora and
                  Klaus Jansen and
                  Jos{\'{e}} D. P. Rolim and
                  Amit Sahai},
  title        = {An Improved Decomposition Theorem for Graphs Excluding a Fixed Minor},
  booktitle    = {Approximation, Randomization, and Combinatorial Optimization: Algorithms
                  and Techniques, 6th International Workshop on Approximation Algorithms
                  for Combinatorial Optimization Problems, {APPROX} 2003 and 7th International
                  Workshop on Randomization and Approximation Techniques in Computer
                  Science, {RANDOM} 2003, Princeton, NJ, USA, August 24-26, 2003, Proceedings},
  series       = {Lecture Notes in Computer Science},
  volume       = {2764},
  pages        = {36--46},
  publisher    = {Springer},
  year         = {2003},
  url          = {https://doi.org/10.1007/978-3-540-45198-3\_4},
  doi          = {10.1007/978-3-540-45198-3\_4},
  timestamp    = {Tue, 14 May 2019 10:00:48 +0200},
  biburl       = {https://dblp.org/rec/conf/random/FakcharoenpholT03.bib},
  bibsource    = {dblp computer science bibliography, https://dblp.org}
}

@misc{lee:simpler,
  author = {James R. Lee},
  title = {A simpler proof of the {KPR} {T}heorem},
  url = {https://tcsmath.wordpress.com/tag/klein-plotkin-rao/},
  month = {January},
  year = {2012},
}

@article{feige:approximating,
  author       = {Uriel Feige},
  title        = {Approximating the Bandwidth via Volume Respecting Embeddings},
  journal      = {J. Comput. Syst. Sci.},
  volume       = {60},
  number       = {3},
  pages        = {510--539},
  year         = {2000},
  url          = {https://doi.org/10.1006/jcss.1999.1682},
  doi          = {10.1006/JCSS.1999.1682},
  timestamp    = {Tue, 16 Feb 2021 14:04:28 +0100},
  biburl       = {https://dblp.org/rec/journals/jcss/Feige00.bib},
  bibsource    = {dblp computer science bibliography, https://dblp.org}
}


@inproceedings{rao:small,
  author       = {Satish Rao},
  editor       = {Victor Milenkovic},
  title        = {Small Distortion and Volume Preserving Embeddings for Planar and Euclidean
                  Metrics},
  booktitle    = {Proceedings of the Fifteenth Annual Symposium on Computational Geometry,
                  Miami Beach, Florida, USA, June 13-16, 1999},
  pages        = {300--306},
  publisher    = {{ACM}},
  year         = {1999},
  url          = {https://doi.org/10.1145/304893.304983},
  doi          = {10.1145/304893.304983},
  timestamp    = {Mon, 14 Jun 2021 16:25:13 +0200},
  biburl       = {https://dblp.org/rec/conf/compgeom/Rao99.bib},
  bibsource    = {dblp computer science bibliography, https://dblp.org}
}
